% Encoding: UTF-8

@Misc{grozin2000lectures,
  author        = {A. G. Grozin},
  title         = {Lectures on perturbative HQET 1},
  year          = {2000},
  archiveprefix = {arXiv},
  eprint        = {hep-ph/0008300},
  primaryclass  = {hep-ph},
}

@Article{Hong_Hao_2010,
  author    = {Hong-Hao, Zhang and Kai-Xi, Feng and Si-Wei, Qiu and An, Zhao and Xue-Song, Li},
  title     = {On analytic formulas of Feynman propagators in position space},
  journal   = {Chinese Physics C},
  year      = {2010},
  volume    = {34},
  number    = {10},
  pages     = {1576â€“1582},
  month     = {Oct},
  issn      = {1674-1137},
  doi       = {10.1088/1674-1137/34/10/005},
  publisher = {IOP Publishing},
  url       = {http://dx.doi.org/10.1088/1674-1137/34/10/005},
}

@Unpublished{HomeworkRastelli,
  author = {Rastelli},
  title  = {QFT HW4 SOLUTIONSPHY 610 QFT, Spring 2015 HW4 Solutions},
  note   = {Derivation of the Feynman propagator in position space via residue theorem},
}

@PhdThesis{Gelhausen:2015qji,
  author = {Gelhausen, Patrick},
  title  = {{Hadronische Matrixelemente mit schweren Quarks aus QCD-Summenregeln}},
  year   = {2015},
}

@Article{Novikov:1983gd,
  author       = {Novikov, V.A. and Shifman, Mikhail A. and Vainshtein, A.I. and Zakharov, Valentin I.},
  title        = {{Calculations in External Fields in Quantum Chromodynamics. Technical Review}},
  journal      = {Fortsch.\ Phys.},
  year         = {1984},
  volume       = {32},
  pages        = {585},
  reportnumber = {ITEP-140-1983},
}

@Comment{jabref-meta: databaseType:bibtex;}
